<record><leader>00000cas a2200000   4500</leader><controlfield tag="001">5700965</controlfield><controlfield tag="008">791116c19799999miuwr ne      0   a0eng d</controlfield><controlfield tag="009">467</controlfield><datafield ind1=" " ind2=" " tag="010"><subfield code="a">sn 79007658 </subfield></datafield><datafield ind1=" " ind2=" " tag="040"><subfield code="a">NSD</subfield><subfield code="b">eng</subfield><subfield code="c">NSD</subfield><subfield code="d">OCL</subfield><subfield code="d">OCLCQ</subfield></datafield><datafield ind1=" " ind2=" " tag="012"><subfield code="j">0</subfield><subfield code="k">1</subfield><subfield code="m">c</subfield></datafield><datafield ind1="1" ind2=" " tag="022"><subfield code="a">0199-1906</subfield><subfield code="l">0199-1906</subfield><subfield code="2">1</subfield></datafield><datafield ind1="1" ind2=" " tag="029"><subfield code="a">AU@</subfield><subfield code="b">000045397166</subfield></datafield><datafield ind1=" " ind2=" " tag="032"><subfield code="a">486070</subfield><subfield code="b">USPS</subfield></datafield><datafield ind1=" " ind2=" " tag="042"><subfield code="a">nsdp</subfield></datafield><datafield ind1=" " ind2="0" tag="222"><subfield code="a">Times-herald</subfield><subfield code="b">(Wyandotte)</subfield></datafield><datafield ind1="0" ind2="0" tag="245"><subfield code="a">Times-herald.</subfield></datafield><datafield ind1="3" ind2=" " tag="246"><subfield code="a">Times herald (Wyandotte)</subfield></datafield><datafield ind1=" " ind2=" " tag="260"><subfield code="a">[Wyandotte, Mich.]</subfield><subfield code="b">Suburban Times-Herald Newspapers.</subfield></datafield><datafield ind1=" " ind2=" " tag="500"><subfield code="a">"Lincoln Park, Melvindale, Riverview, Southgate, Wyandotte."</subfield></datafield><datafield ind1="0" ind2="0" tag="780"><subfield code="t">Wyandotte times-herald</subfield><subfield code="x">0195-0177</subfield></datafield><datafield ind1=" " ind2=" " tag="936"><subfield code="a">Oct. 26, 1979</subfield></datafield></record>